<collection xmlns="http://www.loc.gov/MARC21/slim">
<record>
  <leader>05517nam0a2200853 i 450 </leader>
  <controlfield tag="001">IT\ICCU\CNCE\006895</controlfield>
  <controlfield tag="005">20190712000000.0</controlfield>
  <datafield tag="012" ind1=" " ind2=" ">
    <subfield code="a">,&amp;um r*ti umem Capa (3) 1574 (R)</subfield>
    <subfield code="2">fei</subfield>
  </datafield>
  <datafield tag="100" ind1=" " ind2=" ">
    <subfield code="a">19970101d1574        0itac0103    ba</subfield>
  </datafield>
  <datafield tag="101" ind1=" " ind2=" ">
    <subfield code="a">LAT</subfield>
  </datafield>
  <datafield tag="102" ind1=" " ind2=" ">
    <subfield code="a">IT</subfield>
  </datafield>
  <datafield tag="200" ind1="1" ind2=" ">
    <subfield code="a">℗D. Bonauenturae quondam S.R.E. episcopi cardinalis Albanensis, doctoris&apos;que seraphici, Ordinis minorum ℗in sacrosanctum Iesu Christi Euangelium secundum Lucam elaborata enarratio. Omnibus Christi fidelibus, tum maxime diuini Verbi declamatoribus aprime utilis ac salutaris. Cum indice copiosissimo</subfield>
  </datafield>
  <datafield tag="210" ind1=" " ind2=" ">
    <subfield code="a">Venetiis</subfield>
    <subfield code="c">apud Franciscum Saluionum</subfield>
    <subfield code="d">1574</subfield>
    <subfield code="e">Venetijs</subfield>
    <subfield code="h">1574</subfield>
  </datafield>
  <datafield tag="215" ind1=" " ind2=" ">
    <subfield code="a">\12!, 510, \2! c.</subfield>
    <subfield code="d">8ʻ</subfield>
  </datafield>
  <datafield tag="620" ind1=" " ind2=" ">
    <subfield code="a">IT</subfield>
    <subfield code="d">Venezia</subfield>
  </datafield>
  <datafield tag="700" ind1=" " ind2="0">
    <subfield code="a">Bonaventura</subfield>
    <subfield code="c"> : da#Bagnorea</subfield>
    <subfield code="c"> &lt;santo&gt;</subfield>
    <subfield code="3">IT\ICCU\CNCA\001077</subfield>
  </datafield>
  <datafield tag="712" ind1="0" ind2="0">
    <subfield code="a">Salvioni, Francesco</subfield>
    <subfield code="3">IT\ICCU\CNCT\000964</subfield>
    <subfield code="4">650</subfield>
  </datafield>
  <datafield tag="790" ind1=" " ind2="0">
    <subfield code="a">Bonaventura</subfield>
    <subfield code="c"> : da#Bagnoregio</subfield>
    <subfield code="c"> &lt;santo&gt;</subfield>
    <subfield code="3">IT\ICCU\CNCA\012695</subfield>
    <subfield code="z">Bonaventura : da#Bagnorea &lt;santo&gt;</subfield>
  </datafield>
  <datafield tag="790" ind1=" " ind2="0">
    <subfield code="a">Eutichio</subfield>
    <subfield code="3">IT\ICCU\CNCA\018565</subfield>
    <subfield code="z">Bonaventura : da#Bagnorea &lt;santo&gt;</subfield>
  </datafield>
  <datafield tag="790" ind1=" " ind2="0">
    <subfield code="a">Giovanni Pietro</subfield>
    <subfield code="c"> : di#Fidenza</subfield>
    <subfield code="3">IT\ICCU\CNCA\018566</subfield>
    <subfield code="z">Bonaventura : da#Bagnorea &lt;santo&gt;</subfield>
  </datafield>
  <datafield tag="791" ind1="0" ind2="0">
    <subfield code="a">Salvionus, Franciscus</subfield>
    <subfield code="3">IT\ICCU\CNCT\005549</subfield>
    <subfield code="z">Salvioni, Francesco</subfield>
  </datafield>
  <datafield tag="801" ind1=" " ind2="3">
    <subfield code="a">IT</subfield>
    <subfield code="b">ICCU</subfield>
    <subfield code="c">20201113</subfield>
  </datafield>
  <datafield tag="899" ind1=" " ind2=" ">
    <subfield code="a">Biblioteca estera - Bayerische StaatsBibliothek. Muenchen</subfield>
    <subfield code="1">AA0008</subfield>
  </datafield>
  <datafield tag="899" ind1=" " ind2=" ">
    <subfield code="a">Biblioteca del Seminario vescovile. Osimo</subfield>
    <subfield code="1">AN0056</subfield>
    <subfield code="2">PBE D3</subfield>
  </datafield>
  <datafield tag="899" ind1=" " ind2=" ">
    <subfield code="a">Biblioteca comunale Planettiana. Jesi</subfield>
    <subfield code="z">MUTILO</subfield>
    <subfield code="1">AN0092</subfield>
    <subfield code="2">URB BC</subfield>
  </datafield>
  <datafield tag="899" ind1=" " ind2=" ">
    <subfield code="a">Biblioteca comunale Giulio Gabrielli. Ascoli Piceno</subfield>
    <subfield code="1">AP0006</subfield>
    <subfield code="2">UMC AP</subfield>
  </datafield>
  <datafield tag="899" ind1=" " ind2=" ">
    <subfield code="a">Biblioteca del Convento di S. Giuliano. L&apos;Aquila</subfield>
    <subfield code="1">AQ0044</subfield>
    <subfield code="2">ZAQ 02</subfield>
  </datafield>
  <datafield tag="899" ind1=" " ind2=" ">
    <subfield code="a">Biblioteca del Convento dei pp. cappuccini S. Francesco di Paola. Sulmona</subfield>
    <subfield code="1">AQ0110</subfield>
    <subfield code="2">ZAQ 12</subfield>
  </datafield>
  <datafield tag="899" ind1=" " ind2=" ">
    <subfield code="a">Biblioteca comunale. Sansepolcro</subfield>
    <subfield code="1">AR0060</subfield>
    <subfield code="2">RT1 QS</subfield>
  </datafield>
  <datafield tag="899" ind1=" " ind2=" ">
    <subfield code="a">Biblioteca statale di Montevergine. Mercogliano</subfield>
    <subfield code="1">AV0045</subfield>
    <subfield code="2">NAP MV</subfield>
  </datafield>
  <datafield tag="899" ind1=" " ind2=" ">
    <subfield code="a">Biblioteca nazionale Sagarriga Visconti-Volpi. Bari</subfield>
    <subfield code="1">BA0018</subfield>
    <subfield code="2">BA1 BA</subfield>
  </datafield>
  <datafield tag="899" ind1=" " ind2=" ">
    <subfield code="a">Biblioteca del Clero di S. Alessandro in Colonna (depositata presso Bibl. mons. G.M. Radini Tedeschi). Bergamo</subfield>
    <subfield code="1">BG0043</subfield>
    <subfield code="2">LO1 56</subfield>
  </datafield>
  <datafield tag="899" ind1=" " ind2=" ">
    <subfield code="a">Biblioteca comunale dell&apos;Archiginnasio. Bologna</subfield>
    <subfield code="1">BO0304</subfield>
    <subfield code="2">UBO GA</subfield>
  </datafield>
  <datafield tag="899" ind1=" " ind2=" ">
    <subfield code="a">Biblioteca provinciale dei Frati minori dell&apos;Emilia. Sezione Biblioteca dell&apos;Osservanza. Bologna</subfield>
    <subfield code="1">BO0336</subfield>
    <subfield code="2">ZBO 41</subfield>
  </datafield>
  <datafield tag="899" ind1=" " ind2=" ">
    <subfield code="a">Biblioteca Arcivescovile. Bologna</subfield>
    <subfield code="1">BO0639</subfield>
    <subfield code="2">PBE G5</subfield>
  </datafield>
  <datafield tag="899" ind1=" " ind2=" ">
    <subfield code="a">Biblioteca Zelantea. Acireale</subfield>
    <subfield code="1">CT0260</subfield>
    <subfield code="2">CAT ZE</subfield>
  </datafield>
  <datafield tag="899" ind1=" " ind2=" ">
    <subfield code="a">Biblioteca comunale Malatestiana. Cesena</subfield>
    <subfield code="1">FC0011</subfield>
    <subfield code="2">RAV CS</subfield>
  </datafield>
  <datafield tag="899" ind1=" " ind2=" ">
    <subfield code="a">Biblioteca del Seminario vescovile. Cesena</subfield>
    <subfield code="1">FC0108</subfield>
    <subfield code="2">PBE 54</subfield>
  </datafield>
  <datafield tag="899" ind1=" " ind2=" ">
    <subfield code="a">Biblioteca Riccardiana. Firenze</subfield>
    <subfield code="1">FI0094</subfield>
    <subfield code="2">CFI RF</subfield>
  </datafield>
  <datafield tag="899" ind1=" " ind2=" ">
    <subfield code="a">Biblioteca universitaria. Genova</subfield>
    <subfield code="1">GE0038</subfield>
    <subfield code="2">LIG 01</subfield>
  </datafield>
  <datafield tag="899" ind1=" " ind2=" ">
    <subfield code="a">Biblioteca Diocesana Mons. Giuliano Agresti. Lucca</subfield>
    <subfield code="1">LU0023</subfield>
    <subfield code="2">PBE 86</subfield>
  </datafield>
  <datafield tag="899" ind1=" " ind2=" ">
    <subfield code="a">Biblioteca comunale Mozzi-Borgetti. Macerata</subfield>
    <subfield code="1">MC0049</subfield>
    <subfield code="2">UMC CM</subfield>
  </datafield>
  <datafield tag="899" ind1=" " ind2=" ">
    <subfield code="a">Biblioteca e Archivio del Capitolo metropolitano. Milano</subfield>
    <subfield code="1">MI0489</subfield>
    <subfield code="2">PBE C0</subfield>
  </datafield>
  <datafield tag="899" ind1=" " ind2=" ">
    <subfield code="a">Biblioteca del Seminario metropolitano L. A. Muratori. Modena</subfield>
    <subfield code="1">MO0054</subfield>
    <subfield code="2">PBE 09</subfield>
  </datafield>
  <datafield tag="899" ind1=" " ind2=" ">
    <subfield code="a">Biblioteca provinciale Tommaso Stigliani. Matera</subfield>
    <subfield code="1">MT0029</subfield>
    <subfield code="2">BAS 01</subfield>
  </datafield>
  <datafield tag="899" ind1=" " ind2=" ">
    <subfield code="a">Biblioteca comunale Passerini Landi. Piacenza</subfield>
    <subfield code="1">PC0030</subfield>
    <subfield code="2">PIA PL</subfield>
  </datafield>
  <datafield tag="899" ind1=" " ind2=" ">
    <subfield code="a">Biblioteca storico-francescana della Chiesa Nuova. Assisi</subfield>
    <subfield code="1">PG0004</subfield>
    <subfield code="2">ZPG 31</subfield>
  </datafield>
  <datafield tag="899" ind1=" " ind2=" ">
    <subfield code="a">Biblioteca comunale Sperelliana. Gubbio</subfield>
    <subfield code="1">PG0049</subfield>
    <subfield code="2">UM1 11</subfield>
  </datafield>
  <datafield tag="899" ind1=" " ind2=" ">
    <subfield code="a">Biblioteca della Congregazione dell&apos;oratorio di S. Filippo Neri. Perugia</subfield>
    <subfield code="1">PG0144</subfield>
    <subfield code="2">UM1 42</subfield>
  </datafield>
  <datafield tag="899" ind1=" " ind2=" ">
    <subfield code="a">Biblioteca Porziuncola. Assisi</subfield>
    <subfield code="1">PG0179</subfield>
    <subfield code="2">UM1 36</subfield>
  </datafield>
  <datafield tag="899" ind1=" " ind2=" ">
    <subfield code="a">Biblioteca del Centro di documentazione francescana. Assisi</subfield>
    <subfield code="1">PG0213</subfield>
    <subfield code="2">UM1 37</subfield>
  </datafield>
  <datafield tag="899" ind1=" " ind2=" ">
    <subfield code="a">Biblioteca centrale dell&apos;Universit ̉degli studi di Perugia. Perugia</subfield>
    <subfield code="1">PG0251</subfield>
    <subfield code="2">ZPG 08</subfield>
  </datafield>
  <datafield tag="899" ind1=" " ind2=" ">
    <subfield code="a">Biblioteca Guarnacci. Volterra</subfield>
    <subfield code="1">PI0176</subfield>
    <subfield code="2">RT1 QV</subfield>
  </datafield>
  <datafield tag="899" ind1=" " ind2=" ">
    <subfield code="a">Biblioteca civica Benedetto Passionei. Fossombrone</subfield>
    <subfield code="1">PU0027</subfield>
    <subfield code="2">URB FS</subfield>
  </datafield>
  <datafield tag="899" ind1=" " ind2=" ">
    <subfield code="a">Biblioteca del Seminario vescovile. Pavia</subfield>
    <subfield code="1">PV0074</subfield>
    <subfield code="2">PAV R1</subfield>
  </datafield>
  <datafield tag="899" ind1=" " ind2=" ">
    <subfield code="a">Biblioteca comunale Classense. Ravenna</subfield>
    <subfield code="1">RA0036</subfield>
    <subfield code="2">RAV CL</subfield>
  </datafield>
  <datafield tag="899" ind1=" " ind2=" ">
    <subfield code="a">Biblioteca comunale Giuseppe Malagoli. Novellara</subfield>
    <subfield code="1">RE0042</subfield>
    <subfield code="2">RE2 42</subfield>
  </datafield>
  <datafield tag="899" ind1=" " ind2=" ">
    <subfield code="a">Biblioteca nazionale centrale. Roma</subfield>
    <subfield code="1">RM0267</subfield>
    <subfield code="2">BVE CR</subfield>
  </datafield>
  <datafield tag="899" ind1=" " ind2=" ">
    <subfield code="a">Biblioteca dell&apos;Accademia Alfonsiana. Roma</subfield>
    <subfield code="1">RM0271</subfield>
    <subfield code="2">ZRM 03</subfield>
  </datafield>
  <datafield tag="899" ind1=" " ind2=" ">
    <subfield code="a">Biblioteca universitaria Alessandrina. Roma</subfield>
    <subfield code="1">RM0280</subfield>
    <subfield code="2">RML 01</subfield>
  </datafield>
  <datafield tag="899" ind1=" " ind2=" ">
    <subfield code="a">Biblioteca statale del Monumento nazionale S. Scolastica. Subiaco</subfield>
    <subfield code="1">RM0602</subfield>
    <subfield code="2">BVE SU</subfield>
  </datafield>
  <datafield tag="899" ind1=" " ind2=" ">
    <subfield code="a">Biblioteca del Teresianum. Roma</subfield>
    <subfield code="1">RM0716</subfield>
    <subfield code="2">ZRM 46</subfield>
  </datafield>
  <datafield tag="899" ind1=" " ind2=" ">
    <subfield code="a">Biblioteca universitaria. Sassari</subfield>
    <subfield code="1">SS0073</subfield>
    <subfield code="2">CAG US</subfield>
  </datafield>
  <datafield tag="899" ind1=" " ind2=" ">
    <subfield code="a">Biblioteca provinciale Melchiorre Delfico. Teramo</subfield>
    <subfield code="1">TE0024</subfield>
    <subfield code="2">ABR R1</subfield>
  </datafield>
  <datafield tag="899" ind1=" " ind2=" ">
    <subfield code="a">Biblioteca comunale. Trento</subfield>
    <subfield code="1">TN0121</subfield>
    <subfield code="2">ZTN 01</subfield>
  </datafield>
  <datafield tag="899" ind1=" " ind2=" ">
    <subfield code="a">Nuova biblioteca pubblica Luigi Fumi. Orvieto</subfield>
    <subfield code="1">TR0022</subfield>
    <subfield code="2">UM1 06</subfield>
  </datafield>
  <datafield tag="899" ind1=" " ind2=" ">
    <subfield code="a">Biblioteca della Fondazione museo carnico delle arti popolari M. Gortani. Tolmezzo</subfield>
    <subfield code="1">UD0158</subfield>
  </datafield>
  <datafield tag="899" ind1=" " ind2=" ">
    <subfield code="a">Biblioteca del Seminario arcivescovile di Milano. Venegono Inferiore</subfield>
    <subfield code="1">VA0122</subfield>
    <subfield code="2">ZVA 04</subfield>
  </datafield>
  <datafield tag="899" ind1=" " ind2=" ">
    <subfield code="a">Biblioteca dei cappuccini. Verona</subfield>
    <subfield code="1">VR0178</subfield>
    <subfield code="2">ZVR 10</subfield>
  </datafield>
  <datafield tag="899" ind1=" " ind2=" ">
    <subfield code="a">Biblioteca del Seminario vescovile. Bagnoregio</subfield>
    <subfield code="1">VT0005</subfield>
    <subfield code="2">ZVT 03</subfield>
  </datafield>
  <datafield tag="899" ind1=" " ind2=" ">
    <subfield code="a">Biblioteca comunale. Caprarola</subfield>
    <subfield code="1">VT0017</subfield>
    <subfield code="2">RMS N1</subfield>
  </datafield>
  <datafield tag="899" ind1=" " ind2=" ">
    <subfield code="a">Biblioteca consorziale di Viterbo. Viterbo</subfield>
    <subfield code="1">VT0116</subfield>
    <subfield code="2">RMS B3</subfield>
  </datafield>
  <datafield tag="911" ind1=" " ind2=" ">
    <subfield code="a">Sul front.</subfield>
    <subfield code="9">IT\ICCU\CNCM\000346</subfield>
  </datafield>
  <datafield tag="921" ind1=" " ind2=" ">
    <subfield code="a">IT\ICCU\CNCM\000346</subfield>
    <subfield code="b">Spada con punta in alto impugnata da una mano. In cornice figurata</subfield>
    <subfield code="e">Timenda et non.</subfield>
    <subfield code="c">T17</subfield>
    <subfield code="d">Dimensioni: 5 x 5,5</subfield>
    <subfield code="f">BRACCIO</subfield>
    <subfield code="f">SPADA</subfield>
    <subfield code="f">TIMENDAETN</subfield>
    <subfield code="g">1574-1598</subfield>
  </datafield>
</record>
</collection>
